@article{phtbasics,
    author = "Art Pini",
    title = "The Basics of Photodiodes and Phototransistors and How to Apply Them",
    year = "2022",
    publisher = "DigiKey's North American Editors",
    urldate = "2023-11-05",
    date = "2022-01-11",
    url = "https://www.digikey.in/en/articles/the-basics-of-photodiodes-and-phototransistors-and-how-to-apply-them"
}

@article{phteff,
    author = "Bill Schweber",
    title = "How to Use Photodiodes and Phototransistors Most Effectively",
    date = "2018-09-11",
    publisher = "DigiKey's North American Editors",
    urldate = "2023-11-16",
    year = "2018",
    url = "https://www.digikey.in/en/articles/how-to-use-photodiodes-and-phototransistors-most-effectively"
}

@article{elecmag,
    author = "Anonymous",
    title = "Phototransistor operation, Properties \& Applications",
    publisher = "ElectricalMag",
    date = "2021-02-20",
    year = "2021",
    urldate = "2023-11-18",
    url = "https://electricalmag.com/phototransistor"
}

@book{eebook,
  author         = {Darren Ashby},
  publisher      = {Newnes},
  title          = {Electrical Engineering 101},
  year           = {2011},
  edition        = {3rd Edition},
  isbn           = {978-0123860019},
  chapter        = {3}
}

@book{embed,
    title = "Embedded Computing and Mechatronics with the PIC32 Microcontroller",
    year = "2015",
    edition = "1st",
    publisher = "Newnes",
    author = "Kevin, M. Lynch and Nicholas, Marchuk and Matthew, L. Elwin",
    chapter = "21",
    pages = "321",
    isbn = "978-0-12-420165-1"
}

@article{phototransistorconstruction,
    url = {https://www.learnelectronicswithme.com/2020/10/photo-transistor-construction-working.html},
    title = "Photo Transistor, Construction, Working, Characteristics and Applications",
    date = "2020-10-12",
    urldate = "2023-11-20",
    publisher = "Learnelectronicswithme",
    author = "Anonymours"
}